% This file was created with JabRef 2.10.
% Encoding: Cp1252

@misc{KvalKvant, 
  title     = {Kvantitative vs. kvalitative undersøkelser},
  year      = {Sitert 30. Mars 2018},
  author    = {Surveymonkey},
  url       = {https://web.archive.org/web/20180424213158/https://no.surveymonkey.com/mp/quantitative-vs-qualitative-research/},
}

@Book{RCA,
  Title     = {Root Cause Analysis: Simplified Tools and Techniques. 2nd edition},
  Author    = {B. Andersen and T. Fagerhaug},
  Publisher = {ASQ Quality Press},
  Year      = {2006},
}

@misc{ANOVA,
   author = "Wikipedia",
   title = "Variansanalyse",
   year = "Besøkt: 24. April 2018",
   url = "https://no.wikipedia.org/w/index.php?title=Variansanalyse&oldid=16370460",
 }

@misc{Teori,
   author = "J. Scheid",
   title = "How Has the Root Cause Analysis Evolved Since Inception?",
   year = "Besøkt: 30. April 2018",
   url = "https://web.archive.org/web/20180430113417/https://www.brighthubpm.com/risk-management/123244-how-has-the-root-cause-analysis-evolved-since-inception/",
 }
@Electronic{PrisKonto,
   author = "Brian Krebs",
   title = "The Market for Stolen Account Credentials",
   year = "2017",
   url = "https://krebsonsecurity.com/2017/12/the-market-for-stolen-account-credentials/",
 }

@Electronic{ITReg, 
  title     = {{NTNUs IT-reglement}},
  publisher = {NTNU},
  year      = {2005},
  author    = {NTNU},
  url       = {https://bas.ntnu.no/docs/ITreglement.pdf}, 
}

@Book{SPSSbok,
  title     = {Kvantitativ analyse med SPSS, en praktisk innføring i kvantitative analyseteknikker, 2. utgave},
  publisher = {Trondheim: Tapir Akademisk Forlag},
  year      = {2012},
  author    = {Terje Andreas Eikemo & Tommy Høyvarde Clausen},
}

@Electronic{KvalMet, 
  title     = {Kvalitativ metode},
  publisher = {Wikipedia},
  year      = {2016 [Besøkt 14. Mars 2018]},
  author    = {Mycomp},
  url       = {https://no.wikipedia.org/wiki/Kvalitativ_metode}, 
}

@misc{NTNUfakta,
   author = "NTNU",
   title = "Fakta om NTNU",
   year = "Besøkt: 30. April 2018",
   url = "https://web.archive.org/web/20180430113103/https://www.ntnu.no/tall-og-fakta",
 }

@misc{PrinsInfoSec,
  title     = {Prinsipper for informasjonssikkerhet ved NTNU},
  author = {NTNU},
  year      = {2010},
}

@misc{RetnBPA,
  title     = {Retningslinjer for behandling av brukernavn, passord og andre autentiseringsdata},
  author = {NTNU},
  year      = {2008},
}

@misc{SSCalc,
   author = "SurveySystem",
   title = "Sample Size Calculator",
   year = "Brukt: 04. Mai 2018",
   url = "https://www.surveysystem.com/sscalc.htm",
 }

 @misc{drawio,
   title = "Draw.io",
   url = "https://draw.io",
 }

@misc{SophPhish,
   author = "Emma Williams and Debi Ashenden",
   title = "Phishing scams are becoming ever more sophisticated – and firms are struggling to keep up",
   publisher = "The Conversation", 
   year = "Besøkt: 05. Mai 2018",
   url = "https://web.archive.org/web/20180505113540/https://theconversation.com/phishing-scams-are-becoming-ever-more-sophisticated-and-firms-are-struggling-to-keep-up-73934",
 }

@inbook{RCARapport,
    author = "Torres, H. M. N. and
              Hellesen, N. and
              Brækken, E. L.",
    title = "Bruk av rotårsaksanalyse i informasjonssikkerhet", 
    year = "2016",
    publisher = "Gjøvik: NTNU i Gjøvik", 
}

@misc{t-test, 
    title = {Independent t-test using SPSS Statistics}, 
    author = {{Lærd statistics}},
    year  = {Besøkt: 08. Mai 2018}, 
    url = {https://statistics.laerd.com/spss-tutorials/independent-t-test-using-spss-statistics.php}, 
}

@misc{ wiki:sig,
   author = "Wikipedia",
   title = "Statistisk signifikans",
   year = "2016",
   url = "https://no.wikipedia.org/w/index.php?title=Statistisk_signifikans&oldid=16295760",
   note = "[På internett; besøkt 09-mai-2018]"
 }
 
@misc{ wiki:konfidens,
   author = "Wikipedia",
   title = "Konfidensintervall",
   year = "2016",
   url = "https://no.wikipedia.org/w/index.php?title=Konfidensintervall&oldid=16137183",
   note = "[På internett; besøkt 09-mai-2018]"
}
 
@misc{ wiki:sample,
   author = "Wikipedia",
   title = "Prøvetaking",
   year = "2015",
   url = "https://no.wikipedia.org/w/index.php?title=Pr\%C3\%B8vetaking&oldid=15168038",
   note = "[På internett; besøkt 10-mai-2018]"
}
 
@misc{ wiki:faulttree,
    author = "{Wikipedia contributors}",
    title = "Fault tree analysis --- {Wikipedia}{,} The Free Encyclopedia",
    year = "2018",
    howpublished = "\url{https://en.wikipedia.org/w/index.php?title=Fault_tree_analysis&oldid=840272418}",
    note = "[På internett; besøkt 10-mai-2018]"
}
  
@misc{SecAware,
   author = "Bruce Schneider",
   title = "Security Awareness Training",
   publisher = "Schneider on Security", 
   year = "Sitert 11. Mai 2018",
   url = "https://www.schneier.com/blog/archives/2013/03/security_awaren_1.html",
}
 
@misc{2FA,
   author = "JR Raphael",
   title = "What is two-factor authentication (2FA)? How to enable it and why you should",
   publisher = "CSO", 
   year = "Sitert 12. Mai 2018",
   url = "https://www.csoonline.com/article/3239144/password-security/what-is-two-factor-authentication-2fa-how-to-enable-it-and-why-you-should.html",
}

@misc{trustcomp,
   author = "Nick",
   title = "Add or remove trusted computers",
   publisher = "Google", 
   year = "Sitert 12. Mai 2018",
   url = "https://support.google.com/accounts/answer/2544838?hl=en",
}

@inbook{MorkRapport,
    author = "Østby, E. B. and
              Skari, B. H. and
              Berglind, C. ",
    title = "Konsekvenser av sikkerhetshendelser og mørketall på NTNU", 
    year = "2018",
    publisher = "Gjøvik: NTNU i Gjøvik", 
}

@proceedings{46437,
    title	= {Data breaches, phishing, or malware?  Understanding the risks of stolen credentials},
    editor	= {Kurt Thomas and Frank Li and Ali Zand and Jacob Barrett and Juri Ranieri and Luca Invernizzi and Yarik Markov and Oxana Comanescu and Vijay Eranti and Angelika Moscicki and Daniel Margolis and Vern Paxson and Elie Bursztein},
    year	= {2017}
}

@ARTICLE{Hellesen:1,
  author = {Niclas Hellesen and Henrik Torres and Gaute Wangen},
  title = {Empirical Case studies of the Root-Cause Analysis method in Information Security},
  journal = {International Journal On Advances in Security},
  year = {2018},
  volume = {11},
  publisher = {IARIA},
  number = {1\&2},
}

@ARTICLE{Wangen:1,
  author = {Niclas Hellesen and Henrik Torres and Erlend Brækken and Gaute Wangen},
  title = {An Empirical Study of Root-Cause Analysis in Information Security Management},
  year = {2017},
  publisher = {IARIA},
}

@misc{Cryptocurrency, 
  title     = {List of cryptocurrencies},
  publisher = {Wikipedia},
  year      = {11. mai 2018},
  url       = {https://web.archive.org/web/20180513093427/https://en.wikipedia.org/wiki/List_of_cryptocurrencies}, 
}

@misc{musikkstream,
   author = "IFPI",
   title = "Norske totalmarkedet - 2017",
   publisher = "IFPI", 
   year = "Sitert 13. Mai 2018",
   url = "http://www.ifpi.no/statistikk/162-norske-totalmarkedet-2017",
}

@Electronic{Botnet, 
  title     = {MASSIVE SMOMINRU CRYPTOCURRENCY BOTNET RAKES IN MILLIONS},
  publisher = {Threat post},
  year      = {2018 [Sitert 12. mai 2018]},
  author    = {Tom Spring},
  url       = {https://web.archive.org/web/20180512145343/https://threatpost.com/massive-smominru-cryptocurrency-botnet-rakes-in-millions/129726/}, 
}

@Electronic{Cryptojacking, 
  title     = {YOUR BROWSER COULD BE MINING CRYPTOCURRENCY FOR A STRANGER},
  publisher = {Wired},
  year      = {2017 [Sitert 12. mai 2018]},
  author    = {Lily Hay Newman},
  url       = {https://web.archive.org/web/20180513102827/https://www.wired.com/story/cryptojacking-cryptocurrency-mining-browser/}, 
}

@article{12577042320171101,
Abstract = {The article provides information on "cryptojacking," the process by which computer hackers mine cryptocurrency from personal computers. It details how several media websites have been accused of running cryptomining programs on visitors' computers before discussing the advent of cryptocurrencies Monero and Bitcoin.},
Author = {Hackett, Robert},
ISSN = {00158259},
Journal = {Fortune},
Keywords = {Cryptocurrencies, Hacking (Computers), Bitcoin, Data mining, Personal computer security},
Number = {6},
Pages = {30},
Title = {TO CATCH A CRYPTOTHIEF.},
Volume = {176},
URL = {http://search.ebscohost.com/login.aspx?direct=true&db=bth&AN=125770423&site=ehost-live},
Year = {2017},
}

@misc{RW,
  title     = {Proliferation of Mining Malware Signals a Shift in Cybercriminal Operations},
  publisher = {Recorded Future},
  year      = {2017},
  url       = {https://go.recordedfuture.com/hubfs/reports/cta-2017-1011.pdf},
}

@misc{ITsikkerhet,
   title = "IT-sikkerhet",
   publisher = "NTNU", 
   year = "Sitert 15. Mai 2018",
   url = "https://innsida.ntnu.no/wiki/-/wiki/Norsk/IT-sikkerhet",
}