@Book{RCA,
  title     = {Root Cause Analysis: Simplified Tools and Techniques. 2nd edition},
  publisher = {ASQ Quality Press},
  year      = {2006},
  author    = {Bj√∏rn Andersen and Tom Fagerhaug},
}
@Electronic{KvalMet, 
  title     = {Kvalitativ metode},
  publisher = {Wikipedia},
  year      = {2016 [Sitert 14. Mars 2018]},
  author    = {Mycomp},
  url       = {https://no.wikipedia.org/wiki/Kvalitativ_metode}, 
}