@Book{RCA,
  title     = {Root Cause Analysis: Simplified Tools and Techniques. 2nd edition},
  publisher = {ASQ Quality Press},
  year      = {2006},
  author    = {Bjørn Andersen and Tom Fagerhaug},
}
@Electronic{ITReg, 
  title     = {NTNUs IT-reglement},
  publisher = {NTNU},
  year      = {2005},
  author    = {NTNU},
  url       = {https://bas.ntnu.no/docs/ITreglement.pdf}, 
}
@Book{SPSSbok,
  title     = {Kvantitativ analyse med SPSS, en praktisk innføring i kvantitative analyseteknikker, 2. utgave},
  publisher = {Trondheim: Tapir Akademisk Forlag},
  year      = {2012},
  author    = {Terje Andreas Eikemo & Tommy Høyvarde Clausen},
}

@misc{musikkstream,
   author = "IFPI",
   title = "Norske totalmarkedet - 2017",
   publisher = "IFPI", 
   year = "Sitert 13. Mai 2018",
   url = "http://www.ifpi.no/statistikk/162-norske-totalmarkedet-2017",
}
