@Book{RCA,
  title     = {Root Cause Analysis: Simplified Tools and Techniques. 2nd edition},
  publisher = {ASQ Quality Press},
  year      = {2006},
  author    = {Bj√∏rn Andersen and Tom Fagerhaug},
}

@misc{ITReg,
  title     = {{NTNUs IT-reglement}},
  publisher = {NTNU},
  year      = {2005},
  url       = {https://bas.ntnu.no/docs/ITreglement.pdf},
}

@Electronic{Botnet, 
  title     = {MASSIVE SMOMINRU CRYPTOCURRENCY BOTNET RAKES IN MILLIONS},
  publisher = {Threat post},
  year      = {2018 [Sitert 12. mai 2018]},
  author    = {Tom Spring},
  url       = {https://web.archive.org/web/20180512145343/https://threatpost.com/massive-smominru-cryptocurrency-botnet-rakes-in-millions/129726/}, 
}

@Electronic{Cryptojacking, 
  title     = {YOUR BROWSER COULD BE MINING CRYPTOCURRENCY FOR A STRANGER},
  publisher = {Wired},
  year      = {2017 [Sitert 12. mai 2018]},
  author    = {Lily Hay Newman},
  url       = {https://web.archive.org/web/20180513102827/https://www.wired.com/story/cryptojacking-cryptocurrency-mining-browser/}, 
}

@article{12577042320171101,
Abstract = {The article provides information on "cryptojacking," the process by which computer hackers mine cryptocurrency from personal computers. It details how several media websites have been accused of running cryptomining programs on visitors' computers before discussing the advent of cryptocurrencies Monero and Bitcoin.},
Author = {Hackett, Robert},
ISSN = {00158259},
Journal = {Fortune},
Keywords = {Cryptocurrencies, Hacking (Computers), Bitcoin, Data mining, Personal computer security},
Number = {6},
Pages = {30},
Title = {TO CATCH A CRYPTOTHIEF.},
Volume = {176},
URL = {http://search.ebscohost.com/login.aspx?direct=true&db=bth&AN=125770423&site=ehost-live},
Year = {2017},
}

@misc{RW,
  title     = {Proliferation of Mining Malware Signals a Shift in Cybercriminal Operations},
  publisher = {Recorded Future},
  year      = {2017},
  url       = {https://go.recordedfuture.com/hubfs/reports/cta-2017-1011.pdf},
}


@misc{Cryptocurrency, 
  title     = {List of cryptocurrencies},
  publisher = {Wikipedia},
  year      = {11. mai 2018},
  url       = {https://web.archive.org/web/20180513093427/https://en.wikipedia.org/wiki/List_of_cryptocurrencies}, 
}